@manual{ecma_262,
  year = {2023},
  month = {June},
  title = {ECMA-262},
  url = {https://ecma-international.org/publications-and-standards/standards/ecma-262/},
  edition = {14},
}

@manual{ecma_414,
  year = {2017},
  month = {December},
  title = {ECMA-414},
  url = {https://ecma-international.org/publications-and-standards/standards/ecma-414/},
  edition = {3}
}

@misc{test_262,
  title = {test262},
  url = {https://github.com/tc39/test262},
}

@inproceedings{lingua_franca,
  title={Why aren't regular expressions a lingua franca? an empirical study on the re-use and portability of regular expressions},
  author={Davis, James C and Michael IV, Louis G and Coghlan, Christy A and Servant, Francisco and Lee, Dongyoon},
  booktitle={Proceedings of the 2019 27th ACM Joint Meeting on European Software Engineering Conference and Symposium on the Foundations of Software Engineering},
  pages={443--454},
  year={2019}
}


@inproceedings{jscert,
  author = {Martin Bodin and Arthur Chargu{\'{e}}raud and Daniele Filaretti and
            Philippa Gardner and Sergio Maffeis and Daiva Naudziuniene and Alan
            Schmitt and Gareth Smith},
  editor = {Suresh Jagannathan and Peter Sewell},
  title = {A Trusted Mechanised {JavaScript} Specification},
  booktitle = {The 41st Annual {ACM} {SIGPLAN-SIGACT} Symposium on Principles of
               Programming Languages, {POPL} '14, San Diego, CA, USA, January
               20-21, 2014},
  pages = {87--100},
  publisher = {{ACM}},
  year = {2014},
  doi = {10.1145/2535838.2535876},
}

@misc{lambdajs,
  author = {J. G. Politz and B. S. Lerner and H. Q. de la Vallee and T. Nelson
            and A. Guha and M. Carroll and S. Krishnamurthi},
  year = {2012},
  howpublished = {https://blog.brownplt.org/2012/06/04/lambdajs-coq.html},
  title = {Mechanized {LambdaJS}},
}

@inproceedings{aplas_js,
  author = {Sergio Maffeis and John C. Mitchell and Ankur Taly},
  editor = {G. Ramalingam},
  title = {An Operational Semantics for {JavaScript}},
  booktitle = {Programming Languages and Systems, 6th Asian Symposium, {APLAS}
               2008, Bangalore, India, December 9-11, 2008. Proceedings},
  series = {Lecture Notes in Computer Science},
  volume = {5356},
  pages = {307--325},
  publisher = {Springer},
  year = {2008},
  doi = {10.1007/978-3-540-89330-1_22},
}

@inproceedings{kjs,
  author = {Daejun Park and Andrei Stefanescu and Grigore Rosu},
  editor = {David Grove and Stephen M. Blackburn},
  title = {{KJS:} a complete formal semantics of {JavaScript}},
  booktitle = {Proceedings of the 36th {ACM} {SIGPLAN} Conference on Programming
               Language Design and Implementation, Portland, OR, USA, June 15-17,
               2015},
  pages = {346--356},
  publisher = {{ACM}},
  year = {2015},
  doi = {10.1145/2737924.2737991},
}

@inproceedings{expose,
  author = {Blake Loring and Duncan Mitchell and Johannes Kinder},
  editor = {Kathryn S. McKinley and Kathleen Fisher},
  title = {Sound Regular Expression Semantics for Dynamic Symbolic Execution of
           {JavaScript}},
  booktitle = {Proceedings of the 40th {ACM} {SIGPLAN} Conference on Programming
               Language Design and Implementation, {PLDI} 2019, Phoenix, AZ, USA,
               June 22-26, 2019},
  pages = {425--438},
  publisher = {{ACM}},
  year = {2019},
  doi = {10.1145/3314221.3314645},
}

@inproceedings{repair_dos,
  author = {Nariyoshi Chida and Tachio Terauchi},
  title = {Repairing DoS Vulnerability of Real-World Regexes},
  booktitle = {43rd {IEEE} Symposium on Security and Privacy, {SP} 2022, San
               Francisco, CA, USA, May 22-26, 2022},
  pages = {2060--2077},
  publisher = {{IEEE}},
  year = {2022},
  doi = {10.1109/SP46214.2022.9833597},
}

@article{priority_transducers,
  author = {Taolue Chen and Alejandro Flores{-}Lamas and Matthew Hague and
            Zhilei Han and Denghang Hu and Shuanglong Kan and Anthony W. Lin and
            Philipp R{\"{u}}mmer and Zhilin Wu},
  title = {Solving string constraints with Regex-dependent functions through
           transducers with priorities and variables},
  journal = {Proc. {ACM} Program. Lang.},
  volume = {6},
  number = {{POPL}},
  pages = {1--31},
  year = {2022},
  doi = {10.1145/3498707},
}

@misc{linear_matching_js,
      title={Linear Matching of JavaScript Regular Expressions}, 
      author={Aurèle Barrière and Clément Pit-Claudel},
      year={2023},
      eprint={2311.17620},
      archivePrefix={arXiv},
      primaryClass={cs.PL}
}

@inproceedings{selective_memo,
  author = {James C. Davis and Francisco Servant and Dongyoon Lee},
  title = {Using Selective Memoization to Defeat Regular Expression Denial of
           Service (ReDoS)},
  booktitle = {42nd {IEEE} Symposium on Security and Privacy, {SP} 2021, San
               Francisco, CA, USA, 24-27 May 2021},
  pages = {1--17},
  publisher = {{IEEE}},
  year = {2021},
  doi = {10.1109/SP40001.2021.00032},
  timestamp = {Thu, 21 Sep 2023 15:57:26 +0200},
  biburl = {https://dblp.org/rec/conf/sp/DavisSL21.bib},
  bibsource = {dblp computer science bibliography, https://dblp.org},
}

@inproceedings{persistent_ds,
  author = {Sylvain Conchon and Jean{-}Christophe Filli{\^{a}}tre},
  editor = {Claudio V. Russo and Derek Dreyer},
  title = {A persistent union-find data structure},
  booktitle = {Proceedings of the {ACM} Workshop on ML, 2007, Freiburg, Germany,
               October 5, 2007},
  pages = {37--46},
  publisher = {{ACM}},
  year = {2007},
  doi = {10.1145/1292535.1292541},
  timestamp = {Tue, 06 Nov 2018 11:07:21 +0100},
  biburl = {https://dblp.org/rec/conf/ml/ConchonF07.bib},
  bibsource = {dblp computer science bibliography, https://dblp.org},
}

@inproceedings{redos_impact,
  author = {James C. Davis and Christy A. Coghlan and Francisco Servant and
            Dongyoon Lee},
  editor = {Gary T. Leavens and Alessandro Garcia and Corina S. Pasareanu},
  title = {The impact of regular expression denial of service (ReDoS) in
           practice: an empirical study at the ecosystem scale},
  booktitle = {Proceedings of the 2018 {ACM} Joint Meeting on European Software
               Engineering Conference and Symposium on the Foundations of
               Software Engineering, {ESEC/SIGSOFT} {FSE} 2018, Lake Buena Vista,
               FL, USA, November 04-09, 2018},
  pages = {246--256},
  publisher = {{ACM}},
  year = {2018},
  doi = {10.1145/3236024.3236027},
}

@misc{nphard,
  author = {Mark Jason Dominus},
  title = {Perl Regular Expression Matching is {NP}-Hard},
  howpublished = {https://perl.plover.com/NPC/NPC-3SAT.html},
  year = {2000},
}

@misc{re2_unsupported,
  author = {{RE2}},
  title = {{GitHub} Issue: Please Support Negative Lookahead},
  howpublished = {https://github.com/google/re2/issues/156},
  year = {2017},
}



@article{regex_to_transducers,
  author = {Yuto Sakuma and Yasuhiko Minamide and Andrei Voronkov},
  title = {Translating regular expression matching into transducers},
  journal = {J. Appl. Log.},
  volume = {10},
  number = {1},
  pages = {32--51},
  year = {2012},
  doi = {10.1016/J.JAL.2011.11.003},
  timestamp = {Tue, 16 Feb 2021 08:55:59 +0100},
  biburl = {https://dblp.org/rec/journals/japll/SakumaMV12.bib},
  bibsource = {dblp computer science bibliography, https://dblp.org},
}

@inproceedings{monads_wadler,
  title = {Monads for functional programming},
  author = {Wadler, Philip},
  booktitle = {Advanced Functional Programming: First International Spring
               School on Advanced Functional Programming Techniques B{\aa}stad,
               Sweden, May 24--30, 1995 Tutorial Text 1},
  pages = {24--52},
  year = {1995},
  organization = {Springer},
}

@article{zipper,
  title={The zipper},
  author={Huet, G{\'e}rard},
  journal={Journal of functional programming},
  volume={7},
  number={5},
  pages={549--554},
  year={1997},
  publisher={Cambridge University Press}
}

@article{knuth84,
  author       = {Donald E. Knuth},
  title        = {Literate Programming},
  journal      = {Comput. J.},
  volume       = {27},
  number       = {2},
  pages        = {97--111},
  year         = {1984},
  doi          = {10.1093/COMJNL/27.2.97},
  timestamp    = {Wed, 14 Nov 2018 10:17:27 +0100},
  biburl       = {https://dblp.org/rec/journals/cj/Knuth84.bib},
  bibsource    = {dblp computer science bibliography, https://dblp.org}
}

@inproceedings{alectryon,
  author       = {Cl{\'{e}}ment Pit{-}Claudel},
  editor       = {Ralf L{\"{a}}mmel and
                  Laurence Tratt and
                  Juan de Lara},
  title        = {Untangling mechanized proofs},
  booktitle    = {Proceedings of the 13th {ACM} {SIGPLAN} International Conference on
                  Software Language Engineering, {SLE} 2020, Virtual Event, USA, November
                  16-17, 2020},
  pages        = {155--174},
  publisher    = {{ACM}},
  year         = {2020},
  doi          = {10.1145/3426425.3426940},
  timestamp    = {Sat, 08 Jan 2022 02:24:28 +0100},
  biburl       = {https://dblp.org/rec/conf/sle/Pit-Claudel20.bib},
  bibsource    = {dblp computer science bibliography, https://dblp.org}
}

@misc{v8,
  title = {The V8 JavaScript engine},
  url = {https://v8.dev/}
}

@inproceedings{coq_extraction,
  author       = {Pierre Letouzey},
  editor       = {Arnold Beckmann and
                  Costas Dimitracopoulos and
                  Benedikt L{\"{o}}we},
  title        = {Extraction in Coq: An Overview},
  booktitle    = {Logic and Theory of Algorithms, 4th Conference on Computability in
                  Europe, CiE 2008, Athens, Greece, June 15-20, 2008, Proceedings},
  series       = {Lecture Notes in Computer Science},
  volume       = {5028},
  pages        = {359--369},
  publisher    = {Springer},
  year         = {2008},
  doi          = {10.1007/978-3-540-69407-6\_39},
  timestamp    = {Tue, 14 May 2019 10:00:41 +0200},
  biburl       = {https://dblp.org/rec/conf/cie/Letouzey08.bib},
  bibsource    = {dblp computer science bibliography, https://dblp.org}
}

@misc{menhir,
 title = {The Menhir Parser Generator},
 author= {Fran{\c{c}}ois Pottier and
 Yann R{\'{e}}gis{-}Gianas},
 howpublished = {https://gallium.inria.fr/~fpottier/menhir/}
 }

@misc{tc39notes,
  title = {{TC39} Meeting Notes},
  author = {TC39},
  howpublished = {https://github.com/tc39/notes/blob/main/meetings/2022-01/jan-26.md},
  year = {2022}
}

@ARTICLE{posix,
  author={},
  journal={IEEE Std 1003.1-2008 (Revision of IEEE Std 1003.1-2004)}, 
  title={IEEE Standard for Information Technology - Portable Operating System Interface (POSIX(R))}, 
  year={2008},
  keywords={IEEE standards;Standards;Societies;Permission;Operating systems;Materials;Standards Board;1003.1-2008;application program interface (API);argument;asynchronous;basic regular expression (BRE);batch job;batch system;built-in utility;byte;child;command language interpreter;CPU;extended regular expression (ERE);FIFO;file access control mechanism;input/output (I/O);job control;network;portable operating system interface (POSIX®);parent;shell;stream;string;synchronous;system;thread;X/Open System Interface (XSI)},
  doi={10.1109/IEEESTD.2008.4694976}
}

@article{derivatives_reexamined,
  title={Regular-expression derivatives re-examined},
  author={Owens, Scott and Reppy, John and Turon, Aaron},
  journal={Journal of Functional Programming},
  volume={19},
  number={2},
  pages={173--190},
  year={2009},
  publisher={Cambridge University Press}
}

@article{kleene,
  title={Representation of events in nerve nets and finite automata},
  author={Kleene, SC},
  journal={Automata Studies: Annals of Mathematics Studies. Number 34},
  number={34},
  pages={3},
  year={1956},
  publisher={Princeton University Press}
}


@article{Edelmann,
      title = {Efficient Parsing with Derivatives and Zippers},
      author = {Edelmann, Romain},
      institution = {IINFCOM},
      publisher = {EPFL},
      address = {Lausanne},
      pages = {246},
      year = {2021},
      url = {http://infoscience.epfl.ch/record/287059},
      doi = {https://doi.org/10.5075/epfl-thesis-7357},
}

@article{intro_automata,
  title={Automata theory, languages, and computation},
  author={Hopcroft, John E and Motwani, Rajeev and Ullman, Jeffrey D},
  journal={International Edition},
  volume={24},
  number={2},
  pages={171--183},
  year={2006}
}
