@book{tapl,
    author = {Pierce, Benjamin C.},
    title = {Types and Programming Languages},
    year = {2002},
    isbn = {0262162091},
    publisher = {The MIT Press},
    edition = {1st},
}

@book{trallthat, 
    author = {Baader, Franz and Nipkow, Tobias}, 
    title = {Term Rewriting and All That}, 
    year = {1998},
    DOI = {10.1017/CBO9781139172752}, 
    publisher = {Cambridge University Press}
}

@book{hindley, 
    author = {Hindley, J. Roger},
    title={Basic Simple Type Theory}, 
    year={1997}, 
    DOI={10.1017/CBO9780511608865}, 
    publisher={Cambridge University Press}
}

@article{Cardelli1985OnUT,
  title={On understanding types, data abstraction, and polymorphism},
  author={Luca Cardelli and Peter Wegner},
  journal={ACM Comput. Surv.},
  year={1985},
  volume={17},
  pages={471-522}
}

@misc{stainless,
  title={Stainles: Formal Verification for Scala},
  author={{EPFL IC LARA. }},
  year={2019},
  url={https://stainless.epfl.ch/}
}
  
@article{bbencodingArt,
    title = {Automatic synthesis of typed Lambda-programs on term algebras},
    author = {Corrado Böhm and Alessandro Berarducci},
    journal = {Theoretical Computer Science},
    volume = {39},
    pages = {135-154},
    year = {1985},
    note = {Third Conference on Foundations of Software Technology and Theoretical Computer Science},
    issn = {0304-3975},
    doi = {https://doi.org/10.1016/0304-3975(85)90135-5},
}
  
@misc{bbencodingBlog,
    title={Beyond Church encoding:\\ Boehm-Berarducci isomorphism of algebraic data types and polymorphic lambda-terms},
    author={Oleg Kiselyov},
    url={https://okmij.org/ftp/tagless-final/course/Boehm-Berarducci.html}
}

@article{huetZipper,
    author = {Huet, Gérard},
    year = {1995},
    month = {1},
    title = {Functional pearl: The Zipper},
    journal = {Journal of Functional Programming}
}

@inproceedings{interactionNet,
    author = {Mackie, Ian},
    year = {2004},
    month = {06},
    title = {Efficient lambda Evaluation with Interaction Nets},
    isbn = {978-3-540-22153-1},
    doi = {10.1007/978-3-540-25979-4_11}
}

@inproceedings{abstractMachines,
    author = {Accattoli, Beniamino and Barras, Bruno},
    title = {Environments and the Complexity of Abstract Machines},
    year = {2017},
    isbn = {9781450352918},
    publisher = {Association for Computing Machinery},
    address = {New York, NY, USA},
    doi = {10.1145/3131851.3131855},
    booktitle = {Proceedings of the 19th International Symposium on Principles and Practice of Declarative Programming},
    pages = {4–16},
    numpages = {13},
    location = {Namur, Belgium},
    series = {PPDP '17}
}

@article{confluenceProof,
    author = {Copello, Ernesto and Szasz, Nora and Tasistro, Álvaro},
    year = {2018},
    month = {10},
    pages = {79-95},
    title = {Machine\nbhyphen{}checked Proof of the Church-Rosser Theorem for the Lambda Calculus Using the Barendregt Variable Convention in Constructive Type Theory},
    volume = {338},
    journal = {Electronic Notes in Theoretical Computer Science},
    doi = {10.1016/j.entcs.2018.10.006}
}